[gd_scene load_steps=6 format=3 uid="uid://ckwavhk1yfn8i"]

[ext_resource type="Texture2D" uid="uid://hnr4sd455m6s" path="res://scenes/scene_0600.jpg" id="1"]
[ext_resource type="Script" path="res://scenes/scene_0600.gd" id="1_xx6fu"]
[ext_resource type="PackedScene" uid="uid://ehge3qf7cavq" path="res://commons/navigation_region.tscn" id="3_8w58a"]
[ext_resource type="PackedScene" uid="uid://symvk16odebl" path="res://commons/pearl.tscn" id="3_ko5om"]

[sub_resource type="RectangleShape2D" id="RectangleShape2D_mmb2i"]
size = Vector2(371.351, 132.091)

[node name="Scene0600" type="Node2D"]
script = ExtResource("1_xx6fu")

[node name="Background" type="Sprite2D" parent="."]
position = Vector2(393, 337)
scale = Vector2(0.802476, 0.802476)
texture = ExtResource("1")

[node name="Pearls" type="Node2D" parent="."]

[node name="Pearl" parent="Pearls" instance=ExtResource("3_ko5om")]
position = Vector2(297, 636)

[node name="Pearl2" parent="Pearls" instance=ExtResource("3_ko5om")]
position = Vector2(274, 461)

[node name="Pearl3" parent="Pearls" instance=ExtResource("3_ko5om")]
position = Vector2(413, 582)

[node name="NavigationRegion" parent="." instance=ExtResource("3_8w58a")]
position = Vector2(393, 337)
scale = Vector2(0.802476, 0.802476)
go_to_node = 9

[node name="CollisionShape2D" type="CollisionShape2D" parent="NavigationRegion"]
position = Vector2(-13.7076, -98.4453)
shape = SubResource("RectangleShape2D_mmb2i")

[node name="Occluders" type="Node2D" parent="."]
metadata/_edit_lock_ = true

[node name="TopOccluder" type="ColorRect" parent="Occluders"]
offset_left = -50.0
offset_top = -50.0
offset_right = 818.0

[node name="LeftOccluder" type="ColorRect" parent="Occluders"]
offset_left = -50.0
offset_bottom = 768.0

[node name="LeftOccluder2" type="ColorRect" parent="Occluders"]
offset_left = 768.0
offset_right = 818.0
offset_bottom = 818.0

[node name="BottomOccluder" type="ColorRect" parent="Occluders"]
offset_left = -50.0
offset_top = 768.0
offset_right = 768.0
offset_bottom = 818.0
