[gd_scene load_steps=6 format=3 uid="uid://ckwavhk1yfn8i"]

[ext_resource type="Texture2D" uid="uid://onfxo5vvrst1" path="res://scenes/scene_1200.jpg" id="1"]
[ext_resource type="Script" path="res://scenes/scene_1200.gd" id="1_0hvd8"]
[ext_resource type="PackedScene" uid="uid://symvk16odebl" path="res://commons/pearl.tscn" id="3_htdkr"]
[ext_resource type="PackedScene" uid="uid://ehge3qf7cavq" path="res://commons/navigation_region.tscn" id="3_pcnnt"]

[sub_resource type="RectangleShape2D" id="RectangleShape2D_gob1h"]
size = Vector2(249.631, 40)

[node name="Scene1200" type="Node2D"]
script = ExtResource("1_0hvd8")

[node name="Background" type="Sprite2D" parent="."]
position = Vector2(112, 400)
scale = Vector2(0.737662, 0.737662)
texture = ExtResource("1")

[node name="Pearls" type="Node2D" parent="."]

[node name="Pearl" parent="Pearls" instance=ExtResource("3_htdkr")]
position = Vector2(280, 624)

[node name="Pearl2" parent="Pearls" instance=ExtResource("3_htdkr")]
position = Vector2(464, 376)

[node name="NavigationRegion" parent="." instance=ExtResource("3_pcnnt")]
go_to_node = 18

[node name="CollisionShape2D" type="CollisionShape2D" parent="NavigationRegion"]
position = Vector2(512, 648)
rotation = -0.047133
shape = SubResource("RectangleShape2D_gob1h")

[node name="Occluders" type="Node2D" parent="."]
metadata/_edit_lock_ = true

[node name="TopOccluder" type="ColorRect" parent="Occluders"]
offset_left = -50.0
offset_top = -50.0
offset_right = 818.0

[node name="LeftOccluder" type="ColorRect" parent="Occluders"]
offset_left = -50.0
offset_bottom = 768.0

[node name="LeftOccluder2" type="ColorRect" parent="Occluders"]
offset_left = 768.0
offset_right = 818.0
offset_bottom = 818.0

[node name="BottomOccluder" type="ColorRect" parent="Occluders"]
offset_left = -50.0
offset_top = 768.0
offset_right = 768.0
offset_bottom = 818.0
